<record xmlns="http://www.loc.gov/MARC21/slim" xmlns:xsi="http://www.w3.org/2001/XMLSchema-instance" xsi:schemaLocation="http://www.loc.gov/MARC21/slim http://www.loc.gov/standards/marcxml/schema/MARC21slim.xsd"><leader>02225nam a2200397   4500</leader><controlfield tag="001">002177858</controlfield><controlfield tag="003">NNU</controlfield><controlfield tag="006">m        d        </controlfield><controlfield tag="007">cr cn |||m|||a</controlfield><controlfield tag="008">140707r19661903iq      ob    001 0 ara</controlfield><datafield ind1=" " ind2=" " tag="040"><subfield code="a">NNU</subfield><subfield code="b">eng</subfield><subfield code="c">NNU</subfield></datafield><datafield ind1=" " ind2=" " tag="041"><subfield code="a">ara</subfield><subfield code="b">ger</subfield></datafield><datafield ind1=" " ind2=" " tag="066"><subfield code="c">(3</subfield></datafield><datafield ind1=" " ind2=" " tag="090"><subfield code="a">PJ7700.R8</subfield><subfield code="b">A17 1966</subfield></datafield><datafield ind1="0" ind2=" " tag="100"><subfield code="6">880-01</subfield><subfield code="a">Ru&#700;bah ibn al-&#699;Ajj&#257;j,</subfield><subfield code="d">d. 762?</subfield></datafield><datafield ind1="1" ind2="0" tag="240"><subfield code="a">Poems</subfield></datafield><datafield ind1="1" ind2="0" tag="245"><subfield code="6">880-02</subfield><subfield code="a">Majm&#363;&#699; ash&#699;&#257;r al-&#699;Arab, wa-huwa mushtamil &#699;al&#225; D&#299;w&#257;n Ru&#700;bah ibn al-&#699;Ajj&#257;j</subfield><subfield code="h">[electronic resource] :</subfield><subfield code="b">wa-&#699;al&#225; aby&#257;t mufrad&#257;t mans&#363;bah ilayhi /</subfield><subfield code="c">i&#699;tan&#225; bi-ta&#7779;&#7717;&#299;&#7717;ihi wa-tart&#299;bihi Wilyam ibn Alward "al-Bur&#363;s&#299;".</subfield></datafield><datafield ind1=" " ind2=" " tag="260"><subfield code="6">880-03</subfield><subfield code="a">Baghd&#257;d :</subfield><subfield code="b">yu&#7789;labu min Maktabat al-Muthann&#225;,</subfield><subfield code="c">[1966?]</subfield></datafield><datafield ind1=" " ind2=" " tag="300"><subfield code="a">online resource (191, 122, cxii)</subfield></datafield><datafield ind1=" " ind2=" " tag="500"><subfield code="a">Introd. and notes in German.</subfield></datafield><datafield ind1=" " ind2=" " tag="500"><subfield code="a">Title on added t.p.: Sammlungen alter arabischer Dichter, Der D&#299;w&#257;n des Re&#7713;ezdichters R&#363;ba ben elA&#787;&#7713;&#7713;&#257;&#7713;.</subfield></datafield><datafield ind1=" " ind2=" " tag="500"><subfield code="a">Part of the Arabic Collections Online (ACO) project, contributed by New York Univeristy Libraries.</subfield></datafield><datafield ind1=" " ind2=" " tag="533"><subfield code="a">Electronic reproduction.</subfield><subfield code="b">New York, N.Y. :</subfield><subfield code="c">New York University,</subfield><subfield code="d">2014.</subfield><subfield code="5">NNU</subfield></datafield><datafield ind1=" " ind2=" " tag="534"><subfield code="p">Originally published:</subfield><subfield code="c">Berlin : Reuther &amp; Reichard, 1903.</subfield></datafield><datafield ind1="1" ind2=" " tag="700"><subfield code="a">Ahlwardt, W.</subfield><subfield code="q">(Wilhelm),</subfield><subfield code="d">1828-1909.</subfield></datafield><datafield ind1="2" ind2=" " tag="710"><subfield code="a">New York University.</subfield><subfield code="b">Libraries.</subfield></datafield><datafield ind1="0" ind2=" " tag="730"><subfield code="a">Arabic Collections Online.</subfield></datafield><datafield ind1="0" ind2=" " tag="740"><subfield code="a">D&#299;w&#257;n Ru&#700;bah ibn al-&#699;Ajj&#257;j.</subfield></datafield><datafield ind1="0" ind2=" " tag="740"><subfield code="a">Sammlungen alter arabischer Dichter.</subfield></datafield><datafield ind1="0" ind2=" " tag="740"><subfield code="a">D&#299;w&#257;n des Re&#7713;ezdichters R&#363;ba ben elA&#787;&#7713;&#7713;&#257;&#7713;.</subfield></datafield><datafield ind1="0" ind2="8" tag="776"><subfield code="i">Print version:</subfield><subfield code="a">Ru&#700;bah ibn al-&#699;Ajj&#257;j, d. 762? 880-01</subfield><subfield code="t">Majm&#363;&#699; ash&#699;&#257;r al-&#699;Arab, wa-huwa mushtamil &#699;al&#225; D&#299;w&#257;n Ru&#700;bah ibn al-&#699;Ajj&#257;j</subfield><subfield code="w">(NNU)002177858</subfield></datafield><datafield ind1="4" ind2="0" tag="856"><subfield code="u">http://hdl.handle.net/2333.1/9kd51dxk</subfield></datafield><datafield ind1="0" ind2=" " tag="880"><subfield code="6">100-01/</subfield><subfield code="a">&#1585;&#1572;&#1576;&#1577; &#1576;&#1606; &#1575;&#1604;&#1593;&#1580;&#1575;&#1580;.</subfield></datafield><datafield ind1="1" ind2="0" tag="880"><subfield code="6">245-02/</subfield><subfield code="a">&#1605;&#1580;&#1605;&#1608;&#1593; &#1575;&#1588;&#1593;&#1575;&#1585; &#1575;&#1604;&#1593;&#1585;&#1576;&#1548; &#1608;&#1607;&#1608; &#1605;&#1588;&#1578;&#1605;&#1604; &#1593;&#1604;&#1609; &#1583;&#1610;&#1608;&#1575;&#1606; &#1585;&#1576;&#1577; &#1576;&#1606; &#1575;&#1604;&#1593;&#1580;&#1575;&#1580; :</subfield><subfield code="b">&#1608;&#1593;&#1604;&#1609; &#1575;&#1576;&#1610;&#1575;&#1578; &#1605;&#1601;&#1585;&#1583;&#1575;&#1578; &#1605;&#1606;&#1587;&#1608;&#1576;&#1577; &#1575;&#1604;&#1610;&#1607; /</subfield><subfield code="c">&#1575;&#1593;&#1578;&#1606;&#1609; &#1576;&#1578;&#1589;&#1581;&#1610;&#1581; &#1608;&#1578;&#1585;&#1578;&#1610;&#1576;&#1607; &#1608;&#1604;&#1610;&#1605; &#1576;&#1606; &#1575;&#1604;&#1608;&#1585;&#1583; "&#1575;&#1604;&#1576;&#1585;&#1608;&#1587;&#1610;".</subfield></datafield><datafield ind1=" " ind2=" " tag="880"><subfield code="6">260-03/</subfield><subfield code="a">&#1576;&#1594;&#1583;&#1575;&#1583; :</subfield><subfield code="b">&#1610;&#1591;&#1604;&#1576; &#1605;&#1606; &#1605;&#1603;&#1578;&#1576;&#1577; &#1575;&#1604;&#1605;&#1579;&#1606;&#1609;&#1548;</subfield><subfield code="c">[1966?]</subfield></datafield><datafield ind1=" " ind2=" " tag="959"><subfield code="a">NNU</subfield><subfield code="b">WEB</subfield><subfield code="c">GENI</subfield><subfield code="t">0</subfield><subfield code="m">Electronic access</subfield><subfield code="s">01</subfield></datafield></record>